<record><leader>00000cas a2200000 a 4500</leader><controlfield tag="001">2701328</controlfield><controlfield tag="008">770126d18801882ohudn ne      0    0eng d</controlfield><controlfield tag="009">3</controlfield><datafield ind1=" " ind2=" " tag="010"><subfield code="a">sn 84028459 </subfield></datafield><datafield ind1=" " ind2=" " tag="040"><subfield code="a">KSU</subfield><subfield code="b">eng</subfield><subfield code="c">KSU</subfield><subfield code="d">NPY</subfield><subfield code="d">DLC</subfield><subfield code="d">ONP</subfield><subfield code="d">OCL</subfield><subfield code="d">OCLCQ</subfield></datafield><datafield ind1="1" ind2=" " tag="029"><subfield code="a">AU@</subfield><subfield code="b">000025795226</subfield></datafield><datafield ind1=" " ind2=" " tag="042"><subfield code="a">msc</subfield></datafield><datafield ind1="0" ind2="0" tag="050"><subfield code="a">Newspaper</subfield></datafield><datafield ind1="0" ind2="0" tag="245"><subfield code="a">Youngstown daily register.</subfield></datafield><datafield ind1="1" ind2="7" tag="246"><subfield code="a">Daily register</subfield></datafield><datafield ind1=" " ind2=" " tag="260"><subfield code="a">Youngstown, Ohio :</subfield><subfield code="b">Youngstown Print. Co.,</subfield><subfield code="c">1880-1882.</subfield></datafield><datafield ind1=" " ind2=" " tag="300"><subfield code="a">v.</subfield></datafield><datafield ind1=" " ind2=" " tag="310"><subfield code="a">Daily (except Sun.)</subfield></datafield><datafield ind1="0" ind2=" " tag="362"><subfield code="a">Vol. 6, no. 307 (Oct. 11, 1880)-v. 8, no. 82 (Jan. 20, 1882).</subfield></datafield><datafield ind1=" " ind2=" " tag="500"><subfield code="a">Republican.</subfield></datafield><datafield ind1=" " ind2=" " tag="580"><subfield code="a">Weekly edition: Youngstown register.</subfield></datafield><datafield ind1=" " ind2="4" tag="651"><subfield code="a">Youngstown (Ohio)</subfield><subfield code="v">Newspapers.</subfield></datafield><datafield ind1=" " ind2="4" tag="651"><subfield code="a">Mahoning County (Ohio)</subfield><subfield code="v">Newspapers.</subfield></datafield><datafield ind1=" " ind2=" " tag="752"><subfield code="a">United States</subfield><subfield code="b">Ohio</subfield><subfield code="c">Mahoning</subfield><subfield code="d">Youngstown.</subfield></datafield><datafield ind1="1" ind2=" " tag="775"><subfield code="t">Youngstown register</subfield><subfield code="w">(DLC)sn 84028457</subfield></datafield><datafield ind1="0" ind2="0" tag="780"><subfield code="t">Daily register and tribune</subfield><subfield code="w">(DLC)sn 84028458</subfield></datafield><datafield ind1="0" ind2="7" tag="785"><subfield code="t">Youngstown evening news (Youngstown, Ohio : 1880)</subfield><subfield code="w">(DLC)sn 84028461</subfield></datafield><datafield ind1="0" ind2="7" tag="785"><subfield code="t">Youngstown news-register</subfield><subfield code="w">(DLC)sn 84028462</subfield></datafield></record>